@InProceedings{lahiri:2014:SRW,
  author    = {Lahiri, Shibamouli},
  title     = {{Complexity of Word Collocation Networks: A Preliminary Structural Analysis}},
  booktitle = {Proceedings of the Student Research Workshop at the 14th Conference of the European Chapter of the Association for Computational Linguistics},
  month     = {April},
  year      = {2014},
  address   = {Gothenburg, Sweden},
  publisher = {Association for Computational Linguistics},
  pages     = {96--105},
  url       = {http://www.aclweb.org/anthology/E14-3011}
}

@misc{projectGutenberg, title={Project Gutenberg. (n.d.).}, url={https://www.gutenberg.org/}, journal={Project Gutenberg}}

@misc{artetxe2018massively,
    title={Massively Multilingual Sentence Embeddings for Zero-Shot Cross-Lingual Transfer and Beyond},
    author={Mikel Artetxe and Holger Schwenk},
    year={2018},
    eprint={1812.10464},
    archivePrefix={arXiv},
    primaryClass={cs.CL}
}

@INPROCEEDINGS{Loper02nltk:the,
    author = {Edward Loper and Steven Bird},
    title = {NLTK: The Natural Language Toolkit},
    booktitle = {In Proceedings of the ACL Workshop on Effective Tools and Methodologies for Teaching Natural Language Processing and Computational Linguistics. Philadelphia: Association for Computational Linguistics},
    year = {2002}
}

@book{gudhi:urm
, title        = "{GUDHI} User and Reference Manual"
, author      = "{The GUDHI Project}"
, publisher     = "{GUDHI Editorial Board}"
, year         = 2015
, url =    "http://gudhi.gforge.inria.fr/doc/latest/"
}